@conference{lowrie-2009,
author  = "R B Lowrie",
title   = "The Structure of Radiative Shocks",
booktitle = "Presentation at the Computational Kinetic Transport and
Hybrid Methods Workshop, Institute for Pure and Applied
Mathematics",
address  = "UCLA Los Angeles CA",
year     = "2009",
month    = "March 30 - April 3",
}

@article{our_jcp_radhy_paper,
  title   = "Entropy-based artificial viscosity stabilization for non-equilibrium Grey Radiation-Hydrodynamics",
  journal = "Journal Comput. Phys.",
  volume  = "12",
  number  = "1",
  pages   = "1",
  year    = "2015",
  author  = "M O Delchini and J Ragusa and J Morel"
}

@article{Hussaini,
  title   = "Upwind and high-resolution schemes",
  journal = "Berlin: Springer",
  volume  = "12",
  number  = "1",
  pages   = "1",
  year    = "1997",
  author  = "MY Hussaini and B van Leer and J Van Rosendale"
}

@article{jlg1,
  title   = "Entropy viscosity method for nonlinear conservation laws",
  journal = "Journal Comput. Phys.",
  volume  = "230",
  pages   = "4248-4267",
  year    = "2011",
  author  = "J-L Guermond and R Pasquetti and B Popov"
}

@article{jlg2,
  title   = "Entropy Viscosity Method for High-Order Approximations of Conservation Laws",
  journal = "Lecture Notes in Computational Science and Engineering",
  volume  = "76",
  pages   = "411-418",
  year    = "2011",
  author  = "J-L Guermond and R Pasquetti"
  }

@book{Leveque,
author    = "R J Leveque",
title     = "Numerical methods for conservation laws",
year      = "1990",
publisher = "Basel: Birhauser",
address   = "Reading, Massachusetts"
}

@article{Balsara,
  title   = "An Analysis of the Hyperbolic Nature of the Equations of Radiation Hydrodynamics",
  journal = "J. Quant. Spectrosc. Radiat. Transfer",
  volume  = "61",
  pages   = "617-627",
  year    = "1999",
  author  = "D S Balsara"
  }

@article{LowrieMorelHittinger,
  title   = "The Coupling of Radiation and Hydrodynamics",
  journal = "Journal Quant. Spectrosc. Radiat. Transfer",
  volume  = "61",
  pages   = "432-500",
  year    = "1999",
  author  = "R Lowrie and J Morel and J Hittinger"
  }

@article{Woodward,
  title   = "Numerical simulations for radiation hydrodynamics. I. Diffusion limit",
  journal = "Journal of Comput Phys",
  volume  = "142",
  pages   = "182-207",
  year    = "1998",
  author  = "W Dai and P R Woodward"
  }

@conference{Wareing,
  author  = "T A Wareing and J E Morel and J M McGhee",
  title   = "A diffusion synthetic acceleration method for the SN equations with discontinuous finite element space and time differencing",
  booktitle = "Proceedings of the International COnference on Mathematics and Computation, Reactor Physics and Environmental Analysis in Nuclear Applications",
  volume   = "1",
  pages    = "45-44",
  address  = "Madrid Spain",
  year     = "1999",
  month    = "September 27-30",
  }
  
@book{Toro,
author    = "E F Toro",
title     = "Riemann Solvers and numerical methods for fluid dynamics",
year      = "1999",
publisher = "$2^{nd}$ Edition, Springer",
}

@article{valentin,
  title   = "Implementation of the entropy viscosity method with the discontinuous Galerkin method",
  journal = "Journal of Comput Phys",
  volume  = "253",
  pages   = "479-490",
  year    = "2013",
  author  = "V Zingan and J-L Guermond and J Morel and B Popov"
  }

@article{LowrieEdwards,
  title   = "Radiative shock solutions with grey nonequilibrium diffusion",
  journal = "Shock Waves",
  volume  = "18",
  pages   = "129-143",
  year    = "2008",
  author  = "R B Lowrie and J D Edwards"
  }

@article{LowrieRauenzahn,
  title   = "Radiative shock solutions in the equilibrium diffusion",
  journal = "Shock Waves",
  volume  = "16",
  pages   = "445-453",
  year    = "2007",
  author  = "R B Lowrie and R M Rauenzahn"
  }

@article{entropy,
  title   = "A minimum entropy principle in the gas dynamics equations",
  journal = "Appl. Numer. Math.",
  volume  = "2",
  pages   = "211-219",
  year    = "1986",
  author  = "E Tadmor"
  }

@article{LowrieMorel,
  title   = "Issues with high-resolution Godunov methods for radiation hydrodynamics",
  journal = "Journal of Quantitative Spectroscopy \& Radiative Transfer",
  volume  = "69",
  pages   = "475-489",
  year    = "2001",
  author  = "R B Lowrie and J E Morel"
  }

@article{Lax,
  title   = "Weak solutions of nonlinear hyperbolic equations and their numerical computation",
  journal = "Comm. Pure Appl. Math.",
  volume  = "7",
  pages   = "159-193",
  year    = "1954",
  author  = "P Lax"
  }

@book{Evans,
  title   = "Numerical approximations of hyperbolic systems of conservation laws",
  address  = "New-York",
  year     = "1996",
  publisher = "Springer",
  author = "E Godlewski and P-A Raviart"
  }

@conference{EdwardsMorelLowrie,
  title   = "Second-Order Discretization in Space and Time for Radiation Hydrodynamics",
  booktitle = "International Conference on Mathematics and Computational Methods Applied to Nuclear Science \& Engineering (M\&C 2013)",
  address  = "Sun Valley, Idaho, USA",
  year     = "2013",
  author = "J D Edwards and J E Morel and R B Lowrie",
  pages = "",
  }

@article{ShiJin,
  title   = "Numerical Schemes for Hyperbolic Conservation Laws with Stiff Relaxation Terms",
  journal = "Journal of Computational Physics",
  volume  = "126",
  pages   = "449-467",
  year    = "1996",
  author  = "S Jin and C D Levermore"
  }

@article{jlg,
  title   = "Viscous regularization of the {E}uler equations and entropy principles",
  journal = "under review",
  year    = "2012",
  author  = "J-L Guermond and B Popov"
  }

@article{Moose,
  title   = "A parallel computational framework for coupled systems of nonlinear equations",
  journal = "Nucl. Eng. Design",
  volume  = "239",
  pages   = "1768-1778",
  year    = "2009",
  author  = "D Gaston and C Newsman and G Hansen and D Lebrun-Grandie"
  }

@article{JFNK,
  title   = "Jacobian-free Newton-Krylov methods: a survey of approaches and applications",
  journal = "Journal of Computational Physics",
  volume  = "193",
  pages   = "357-397",
  year    = "2004",
  author  = "D A Knoll and D E Keyes"
  }
  
@article{SEM,
  title   = "The discrete equation method (DEM) for fully compressible, two-phase flows in ducts of spatially varying cross-section",
  journal = "Nuclear Engineering and Design",
  volume  = "240",
  pages   = "3797-3818",
  year    = "2010",
  author  = "R Berry and R Saurel and O LeMetayer"
  }

@article{Parabolic,
  title   = "On positivity preserving finite volume schemes for {E}uler equations",
  journal = "Numer. Math.",
  volume  = "73",
  pages   = "119-130",
  year    = "1996",
  author  = "B Perthane and C-W Shu"
  }
	
	
@article{jcp_ragusa_wang,
  title   = "Standard and Goal-Oriented Adaptive Mesh Refinement Applied to Radiation Transport on 2D Unstructured Triangular Meshes",
  journal = "Journal of Computational Physics",
  volume  = "230",
  pages   = "763-788",
  year    = "2011",
  author  = "Y. Wang and J. Ragusa"
  }

@article{nse_ragusa_wang,
  title   = "On the Convergence of DGFEM Applied to the Discrete Ordinates Transport Equation for Structured and Unstructured Triangular Meshes",
  journal = "Nucl. Sci. and Eng.",
  volume  = "163",
  pages   = "56-72",
  year    = "2009",
  author  = "Y. Wang and J. Ragusa"
  }
  
@article{Marco_paper_low_mach,
author    = "M Delchini and J Ragusa and R Berry",
title     = "Entropy-based viscosity regularization for the multi-dimensional Euler equations in low-Mach and transonic flows",
journal   = "under review",
year      = "",
volume    = "",
}

% BDF2 reference
@Book{bdf2,
author = {U M Ascher and L R Petzold},
title = {{Computer Methods for Ordinary Differential Equations and Differential-Algebraic Equations}},
publisher = {SIAM},
address = {Philadelphia, Pa},
isbn = {0-89871-412-5},
year = 1998
}

@article{dlm,
author    = {Dal Maso and G Le Floch and P Murat},
title     = {Definition and weak stability of a non-conservative product},
journal   = {Journal de Mathematiques Pures et Appliquees},
year      = {1995},
volume    = {74},
number = {6},
pages = {483-548}
}

@article{lefloch_1988,
author    = {G Le Floch},
title     = {Entropy weak solutions to nonlinear hyperbolic systems in nonconservative form},
journal   = {Comm. in Partial Differential Equations},
year      = {1988},
volume    = {13},
number = {6},
pages = {669-727}
}

@Techreport{lefloch_1989,
author    = {G Le Floch},
title     = {Shock waves for nonlinear hyperbolic systems in nonconservative forms},
year = {1989},
institution = {Institute for Mathematics and its Applications},
address = {Minneapolis, MN},
}

@article{lefloch_liu_1993,
author    = {G Le Floch and Tai-Ping Liu},
title     = {Existence theory for nonlinear hyperbolic systems in nonconservative form},
journal   = {Forum mathematicum},
year      = {1993},
volume    = {5},
number = {5},
pages = {261-280}
}

@article{bianchini_bressan_2005,
author    = {S Bianchini and A Bressan},
title     = {Vanishing Viscosity Solutions of Nonlinear Hyperbolic Systems},
journal   = {Annals of Mathematics},
year      = {2005},
volume    = {161},
number = {1},
pages = {223-342}
}

@article{alouges_merlet_2004,
author    = {F Alleges and B Merlet},
title     = {Approximate shock curbes for non-conservative hyperbolic systems in one space dimension},
journal   = {J. Hyperbolic Differ. Equ.},
year      = {2004},
volume    = {1},
number = {4},
pages = {769-788}
}

@article{GuillardMurrone2003,
author= "H Guillard and A Murrone",
title = "A five equation reduced model for compressible two-phase flow problems",
journal = "J. of Computational Physics",
year = 2003,
volume = "202",
number = "2",
pages = "664--698"
}

@article{Saurel_2001a,
title   = "A multiphase Godunov method for compressible multifluid and multiphase flows",
author  = "R Saurel and R Abgrall",
journal = "J. Comput Physics",
pages   = "425-267",
volume = "150",
number = "2",
year    = "1999",
}

@article{Saurel_2001b,
title   = "A multiphase model for compressible flows with interfaces, shocks, detonation waves and cavitation",
author  = "R Saurel and O Lemetayer",
journal = "J. Fluid Mech.",
pages   = "239-271",
volume = "431",
year    = "2001",
}

@article{Li_2004,
title   = "Difference scheme for two-phase flow",
author  = "L Qiang and F Jian-Hu and C Ti-min and H Chun-bo",
journal = "Appl Math Mech",
pages   = "536-545",
volume = "25",
number = "5",
year    = "2004",
}

@article{Zein_2010,
title   = "Modeling phase transition for compressible two-phase flows applied to metastable liquids",
author  = "A Zein and M Hantke and G Warnecke",
journal = "J. Comput Physics",
pages   = "2964--2998",
volume = "229",
number = "8",
year    = "2010",
}

@article{Ambroso_2012,
title   = "A Godunov-type method for the seven-equation model of compressible multiphase mixtures",
author  = "A Ambroso and C Chalons and P-A Raviart",
journal = "Comput. Fluids",
pages   = "67-91",
volume = "54",
year    = "2012",
}

@article{Saurel_2009,
author = "R.~Saurel and F.~Petitpas and R.~A.~Berry",
title = "Simple and efficient relaxation methods for interfaces separating compressible fluids, cavitating flows and shocks in multiphase mixtures",
year = 2009,
journal = "J. of Computational Physics",
volume = 228,
pages = "1678--1712",
publisher = "Elsevier",
}

@Techreport{jim_ferguson,
author    = {Jim M Ferguson},
title     = {Asymptotic Accuracy of the Equilibrium Diffusion Approximation and Semi-Analytic Solutions of Radiating},
year = {2014},
institution = {Texas A\& M University},
address = {College Station, TX},
}

@phdthesis{ferguson,
title    = {Asymptotic Accuracy of the Equilibrium Diffusion Approximation and Semi-analytic Solutions of Radiating Shocks},
school   = {Texas A\&M University},
author   = {Jim M Ferguson},
year     = {2014},
}